@online{wiki:euler,
  title     = {Método de Euler},
  author    = {{Wikipédia, a enciclopédia livre}},
  year      = {2025},
  url       = {https://pt.wikipedia.org/wiki/M%C3%A9todo_de_Euler},
  note      = {Consultado em 4 de abril de 2025}
}

@online{wiki:euler_modificado,
  title     = {Método de Heun},
  author    = {{Wikipédia, a enciclopédia livre}},
  year      = {2025},
  url       = {https://en.wikipedia.org/wiki/Heun%27s_method},
  note      = {Consultado em 4 de abril de 2025}
}

@online{wiki:rungekutta,
  title     = {Método de Runge–Kutta},
  author    = {{Wikipédia, a enciclopédia livre}},
  year      = {2025},
  url       = {https://pt.wikipedia.org/wiki/M%C3%A9todo_de_Runge-Kutta},
  note      = {Consultado em 4 de abril de 2025}
}

@online{wiki:ode45,
  title     = {Ordinary Differential Equation Solver (ode45)},
  author    = {{Wikipédia, the free encyclopedia}},
  year      = {2025},
  url       = {https://en.wikipedia.org/wiki/ODE45},
  note      = {Consultado em 4 de abril de 2025}
}

@online{mathworks:ode45,
  title     = {ode45 - Solve nonstiff differential equations — medium order method},
  author    = {MathWorks},
  year      = {2025},
  url       = {https://www.mathworks.com/help/matlab/ref/ode45.html},
  note      = {Consultado em 4 de abril de 2025}
}

@online{calves:cap5,
  title     = {Capítulo 5 - Equações Diferenciais Ordinárias},
  author    = {Álves, Carlos},
  year      = {2025},
  url       = {https://www.math.tecnico.ulisboa.pt/~calves/MC/cap5.html},
  note      = {Consultado em 4 de abril de 2025}
}

@techreport{cap2:prf,
  title       = {Como escrever um bom relatório em LaTeX},
  author      = {Coutinho, Fernanda and Silva, Pascoal e Rodrigues, Rui},
  institution = {ISEC/IPC},
  address     = {Coimbra},
  year        = 2022,
  month       = nov
}
